<?xml version="1.0" encoding="UTF-8"?><collection xmlns="http://www.loc.gov/MARC21/slim"><record><leader>00363nam--2200145-i-4500</leader><controlfield tag="001">000023869</controlfield><controlfield tag="002">20161230</controlfield><controlfield tag="005">20170116000242</controlfield><controlfield tag="008">060222s1000------------r-----000-0-eng-d</controlfield><datafield ind1=" " ind2=" " tag="245"><subfield code="a">Hydrogen energy system</subfield></datafield><datafield ind1=" " ind2=" " tag="260"><subfield code="a">Oxford</subfield><subfield code="b">Pergamon Press</subfield><subfield code="c">1979</subfield></datafield><datafield ind1=" " ind2=" " tag="300"><subfield code="a">XLVI + /1031-1706/ p</subfield></datafield><datafield ind1=" " ind2=" " tag="700"><subfield code="a">Seifritz, Walter</subfield></datafield><datafield ind1=" " ind2=" " tag="852"><subfield code="a">47022</subfield></datafield><datafield ind1=" " ind2=" " tag="CAT"><subfield code="a">SYS</subfield><subfield code="c">20170116</subfield><subfield code="h">000242</subfield></datafield></record></collection>